<record><leader>00000cas a22000007a 4500</leader><controlfield tag="001">11830535</controlfield><controlfield tag="008">850321d19071936paudn ne      0    0eng d</controlfield><datafield ind1=" " ind2=" " tag="010"><subfield code="a">sn 85054874 </subfield></datafield><datafield ind1=" " ind2=" " tag="040"><subfield code="a">NPH</subfield><subfield code="b">eng</subfield><subfield code="c">NPH</subfield><subfield code="d">OCL</subfield><subfield code="d">OCLCQ</subfield></datafield><datafield ind1=" " ind2=" " tag="019"><subfield code="a">2258553</subfield></datafield><datafield ind1=" " ind2=" " tag="042"><subfield code="a">msc</subfield></datafield><datafield ind1="0" ind2=" " tag="130"><subfield code="a">Daily news-herald (Braddock, Pa.)</subfield></datafield><datafield ind1="1" ind2="4" tag="245"><subfield code="a">The Daily news-herald.</subfield></datafield><datafield ind1=" " ind2=" " tag="260"><subfield code="a">Braddock, Pa. :</subfield><subfield code="b">Daily News Pub. Co.</subfield></datafield><datafield ind1=" " ind2=" " tag="300"><subfield code="a">v. :</subfield><subfield code="b">ill.</subfield></datafield><datafield ind1=" " ind2=" " tag="310"><subfield code="a">Daily (except Saturday and Sunday),</subfield><subfield code="b">Feb. 17, 1933-</subfield></datafield><datafield ind1=" " ind2=" " tag="321"><subfield code="a">Daily (except Sunday),</subfield><subfield code="b">&lt;1907&gt;-Feb. 16, 1933</subfield></datafield><datafield ind1="1" ind2=" " tag="362"><subfield code="a">Began with June 17, 1907 issue; ceased in 1936?</subfield><subfield code="z">Cf. Rossell, G. Pennsylvania newspapers.</subfield></datafield><datafield ind1=" " ind2=" " tag="500"><subfield code="a">"Official newspaper for Braddock, North Braddock, Rankin, Swissvale, East Pittsburgh, Forest Hills and Chalfant Boros; Braddock, Wilkins and N. Versailles Townships."--Sept. 29, 1933.</subfield></datafield><datafield ind1=" " ind2=" " tag="588"><subfield code="a">Description based on: Vol. 30, no. 289 (Feb. 2, 1915).</subfield></datafield><datafield ind1=" " ind2=" " tag="752"><subfield code="a">United States</subfield><subfield code="b">Pennsylvania</subfield><subfield code="c">Allegheny</subfield><subfield code="d">Braddock.</subfield></datafield><datafield ind1="0" ind2="4" tag="780"><subfield code="t">Braddock daily news</subfield><subfield code="w">(DLC)sn 89077087</subfield></datafield><datafield ind1="0" ind2="4" tag="780"><subfield code="t">Evening herald (Braddock, Pa.)</subfield><subfield code="w">(DLC)sn 89077085</subfield></datafield><datafield ind1="1" ind2=" " tag="029"><subfield code="a">AU@</subfield><subfield code="b">000025801925</subfield></datafield></record>